@book{sze2006,
  author    = {S. M. Sze and Kwok K. Ng},
  title     = {Physics of Semiconductor Devices},
  publisher = {Wiley-Interscience},
  edition   = {3rd},
  year      = {2006},
  url       = {https://onlinelibrary.wiley.com/doi/book/10.1002/0470068329}
}
